@misc{crandall-hollick,
  title={The Child Tax Credit: Current Law and Legislative History},
  author={Margot L. Crandall-Hollick},
  year={2016},
  howpublished={\url{https://fas.org/sgp/crs/misc/R41873.pdf}},
  note={Accessed: 2018-03-31}
}

@misc{wikipedia_child_benefit,
  title={Child benefit},
  author={Wikipedia{\ }contributors},
  year={2018},
  howpublished={\url{https://en.wikipedia.org/w/index.php?title=Child_benefit&oldid=827240823}},
  note={Accessed: 2018-03-31}
}

@misc{citizensinformation,
  title={Child Benefit},
  author={CitizensInformation},
  year={2018},
  howpublished={\url{http://www.citizensinformation.ie/en/social_welfare/social_welfare_payments/social_welfare_payments_to_families_and_children/child_benefit.html}},
  note={Accessed: 2018-03-31}
}

@misc{sweden_child_allowance,
  title={Child allowance},
  author={Forsakringskassan},
  howpublished={\url{https://www.forsakringskassan.se/privatpers/foralder/nar_barnet_ar_fott/barnbidrag/!ut/p/z0/fYzLDoIwEAC_puctqNwJKD4OxpAo9tIUKaRKtmW7IX6-6Ad4m0kmAwoaUGhmNxh2Hs24-F1ler0vi6Qq5Om8qUuZZ4dLcq236S5dQW0RjqD-R8vFPadJ5aAeHtm-GZofIEerycbgMbrZChnIzYaDpShk78mMnSUh0ZBuDaFlvVDvmYX8eus6MgOEV3X7AGdh2ls!/}},
  note={Accessed: 2018-03-31}
}

@article{hammond2016toward,
  title={Toward a Universal Child Benefit},
  author={Hammond, Samuel and Orr, Robert},
  journal={Niskanen Center. Retrieved from https://niskanencenter. org/wpcontent/uploads/2016/10/UniversalChildBenefit\_final. pdf},
  year={2016}
}

@article{shaefer2018universal,
  title={A Universal Child Allowance: A Plan to Reduce Poverty and Income Instability Among Children in the United States},
  author={Shaefer, H Luke and Collyer, Sophie and Duncan, Greg and Edin, Kathryn and Garfinkel, Irwin and Harris, David and Smeeding, Timothy M and Waldfogel, Jane and Wimer, Christopher and Yoshikawa, Hirokazu},
  journal={RSF},
  year={2018},
  publisher={Russell Sage Foundation}
}

@misc{sawhill,
  title={Clinton's Child Tax Credit proposal: A good start on helping low- and middle-income families},
  author={Isabel V. Sawhill and Edward Rodrigue},
  year={2016},
  howpublished={\url{https://www.brookings.edu/blog/social-mobility-memos/2016/10/13/clintons-child-tax-credit-proposal-a-good-start-on-helping-low-and-middle-income-families/}},
  note={Accessed: 2018-03-31}
}

@article{bitler2018cash,
  title={Cash for Kids},
  author={Bitler, Marianne P and Hines, Annie Laurie and Page, Marianne},
  journal={RSF},
  year={2018},
  publisher={Russell Sage Foundation}
}

@article{dahl2012impact,
  title={The impact of family income on child achievement: Evidence from the earned income tax credit},
  author={Dahl, Gordon B and Lochner, Lance},
  journal={American Economic Review},
  volume={102},
  number={5},
  pages={1927--56},
  year={2012}
}

@techreport{nichols2015earned,
  title={The earned income tax credit (eitc)},
  author={Nichols, Austin and Rothstein, Jesse},
  year={2015},
  institution={National Bureau of Economic Research}
}

@article{milligan2011child,
  title={Do child tax benefits affect the well-being of children? Evidence from Canadian child benefit expansions},
  author={Milligan, Kevin and Stabile, Mark},
  journal={American Economic Journal: Economic Policy},
  volume={3},
  number={3},
  pages={175--205},
  year={2011}
}

@article{duncan2011does,
  title={Does money really matter? Estimating impacts of family income on young children's achievement with data from random-assignment experiments.},
  author={Duncan, Greg J and Morris, Pamela A and Rodrigues, Chris},
  journal={Developmental psychology},
  volume={47},
  number={5},
  pages={1263},
  year={2011},
  publisher={American Psychological Association}
}

@misc{givedirectly,
  title={Research on cash transfers},
  author={GiveDirectly},
  howpublished={\url{https://givedirectly.org/research-on-cash-transfers}},
  note={Accessed: 2018-03-31}
}

@misc{using_taxcalc,
  title={Using Tax-Calculator},
  author={Tax-Calculator{\ }developers},
  year={2018},
  howpublished={\url{http://open-source-economics.github.io/Tax-Calculator/}},
  note={Accessed: 2018-03-31}
}

@conference{Kluyver:2016aa,
	Author = {Thomas Kluyver and Benjamin Ragan-Kelley and Fernando P{\'e}rez and Brian Granger and Matthias Bussonnier and Jonathan Frederic and Kyle Kelley and Jessica Hamrick and Jason Grout and Sylvain Corlay and Paul Ivanov and Dami{\'a}n Avila and Safia Abdalla and Carol Willing},
	Booktitle = {Positioning and Power in Academic Publishing: Players, Agents and Agendas},
	Editor = {F. Loizides and B. Schmidt},
	Organization = {IOS Press},
	Pages = {87 - 90},
	Title = {Jupyter Notebooks -- a publishing format for reproducible computational workflows},
	Year = {2016}}

@misc{ghenis_notebook,
  title={Effect of replacing Child Tax Credit with Child Dividend},
  author={Max Ghenis},
  year={2018},
  howpublished={\url{http://nbviewer.jupyter.org/github/MaxGhenis/taxcalc-notebooks/blob/master/ctc/ctc_ubi.ipynb}},
  note={Accessed: 2018-03-31}
}

@misc{open_source_economics,
  title={Open Source Economics},
  author={Open{\ }Source{\ }Economics{\ }developers},
  year={2018},
  howpublished={\url{https://github.com/open-source-economics}},
  note={Accessed: 2018-04-04}
}

@misc{ghenis_puf_notebook,
  title={Effect of replacing Child Tax Credit with Child Dividend},
  author={Max Ghenis and Sean Wang},
  year={2018},
  howpublished={\url{https://github.com/GoFroggyRun/Notebook/blob/731057d273702e19a8426b110fb4a9134b601849/ctc_ubi_puf.ipynb}},
  note={Accessed: 2018-03-31}
}

@misc{maag,
  title={Refundable Credits: The Earned Income Tax Credit and the Child Tax Credit},
  author={Elaine Maag},
  year={2017},
  howpublished={\url{http://www.taxpolicycenter.org/publications/refundable-credits-earned-income-tax-credit-and-child-tax-credit/full}},
  note={Accessed: 2018-03-31}
}

@misc{jct,
  title={Estimated Budget Effects Of The Conference Agreement For H.R.1, The "Tax Cuts And Jobs Act"},
  author={Joint{\ }Committee{\ }on{\ }Taxation},
  year={2017},
  howpublished={\url{https://www.jct.gov/publications.html?func=startdown&id=5053}},
  note={Accessed: 2018-03-31}
}

@misc{ghenis_pop_tc_vs_census,
  title={Population projections: taxcalc vs Census},
  author={Max Ghenis},
  year={2018},
  howpublished={\url{https://github.com/MaxGhenis/taxcalc-notebooks/blob/266e7f846d15d4c59e3d383bed0cb34c42e7a844/exploratory/pop_proj_tc_vs_census.ipynb}},
  note={Accessed: 2018-03-31}
}

@misc{ghenis_bottom_income,
  title={Tax units with lowest after-tax after-transfer incomes},
  author={Max Ghenis},
  year={2018},
  howpublished={\url{http://nbviewer.jupyter.org/github/MaxGhenis/taxcalc-notebooks/blob/master/exploratory/tax_units_with_lowest_aftertax_income.ipynb}},
  note={Accessed: 2018-03-15}
}

@misc{roser,
  title={Global Extreme Poverty},
  author={Max Roser and Esteban Ortiz-Ospina},
  year={2017},
  howpublished={\url{https://ourworldindata.org/extreme-poverty}},
  note={Accessed: 2018-03-31}
}

@misc{wb_poverty,
  title={Poverty overview},
  author={World{\ }Bank},
  year={2016},
  howpublished={\url{http://www.worldbank.org/en/topic/poverty/overview}},
  note={Accessed: 2018-03-05}
}

@misc{chandy2014poor,
  title={How Poor are Americaâ€™s Poorest? U.S. \$2 a Day Poverty in a Global Context},
  author={Laurence Chandy and Cory Smith},
  year={2014},
  howpublished={\url{https://www.brookings.edu/wp-content/uploads/2016/06/How-Poor-are-Americas-Poorest.pdf}},
  note={Accessed: 2018-03-25}
}

@misc{census_poverty_thresholds,
  title={Poverty Thresholds},
  author={United{\ }States{\ }Census{\ }Bureau},
  year={2018},
  howpublished={\url{https://www.census.gov/data/tables/time-series/demo/income-poverty/historical-poverty-thresholds.html}},
  note={Accessed: 2018-03-31}
}

@misc{nccp,
  title={Child Poverty},
  author={National{\ }Center{\ }for{\ }Children{\ }in{\ }Poverty},
  year={2018},
  howpublished={\url{http://www.nccp.org/topics/childpoverty.html}},
  note={Accessed: 2018-03-19}
}

@misc{aspe,
  title={U.S. Federal Poverty Guidelines Used to Determine Financial Eligibility for Certain Federal Programs},
  author={U.S.{\ }Department{\ }of{\ }Health{\ }\&{\ }Human{\ }Services},
  year={2018},
  howpublished={\url{https://aspe.hhs.gov/poverty-guidelines}},
  note={Accessed: 2018-03-20}
}

@article{short2015supplemental,
  title={The supplemental poverty measure: 2014},
  author={Short, Kathleen},
  journal={Current Population Reports},
  year={2015}
}

@misc{shapiro2017child,
  title={Child Poverty Falls to Record Low, Comprehensive Measure Shows Stronger Government Policies Account for Long-Term Improvement},
  author={Isaac Shapiro and Danilo Trisi},
  year={2017},
  howpublished={\url{https://www.cbpp.org/research/poverty-and-inequality/child-poverty-falls-to-record-low-comprehensive-measure-shows}},
  note={Accessed: 2018-03-24}
}

@misc{burtless2016alternative,
  title={Alternative methods for measuring income and inequality},
  author={Gary Burtless},
  year={2016},
  howpublished={\url{https://www.brookings.edu/on-the-record/alternative-methods-for-measuring-income-and-inequality/}},
  note={Accessed: 2018-03-29}
}

@misc{desai2017rethinking,
  title={Rethinking the universalism versus targeting debate},
  author={Raj M. Desai},
  year={2017},
  howpublished={\url{https://www.brookings.edu/blog/future-development/2017/05/31/rethinking-the-universalism-versus-targeting-debate/}},
  note={Accessed: 2018-03-29}
}

@misc{senate2012cliff,
  title={The 'Welfare Cliff': How The Benefit Scale Discourages Work},
  author={United{\ }States{\ }Senate{\ }Committee{\ }on{\ }the{\ }Budget},
  year={2012},
  howpublished={\url{https://www.budget.senate.gov/newsroom/budget-background/the-welfare-cliff-how-the-benefit-scale-discourages-work}},
  note={Accessed: 2018-03-31}
}